@string{UNKNOWN = "UNKNOWN"}

%[IMPORTED STRING DEFINITIONS]

%[JOURNALS]

@string{aij = "Artificial Intelligence"}

@string{aimag = "AI~Magazine"}

@string{bij = "Bioinformatics"}

@string{dke = "Data and Knowledge Engineering"}

@string{dmkd = "Data Mining and Knowledge Discovery"}

@string{ida = "Intelligent Data Analysis"}

@string{kde = "IEEE Transactions on Knowledge and Data Engineering"}

@string{ml = "Machine Learning"}

@string{pami = "IEEE Transactions on Pattern Analysis and Machine Intelligence (PAMI)"}

@string{sigkdd = "SIGKDD Explorations"}

%[PUBLISHERS]

@string{kluwer = "Kluwer Academic Publishers"}

@string{kluwer-ad = "Dordrecht, The Netherlands"}

@string{SV = "Springer-Verlag"}

%[ORGANIZATIONS]

@string{aaai = "American Association for Artificial Intelligence"}

@string{aaai-ad = "Menlo Park"}

@string{aamas04 = "3rd International Joint Conference on Autonomous Agents
          and Multiagent Systems"}

@string{aamas04Ed = "Sierra, C. and Sonenberg, L."}

@string{aamas04Addr = "New York, NY, USA"}

@string{acl = "Association for Computational Linguistics"}

@string{acm = "Association for Computing Machinery"}

@string{acm-ad = "New York"}

%[SCHOOLS]

@string{cmucs = "Computer Science Department, Carnegie-Mellon University"}

@string{cmucs-ad = "Pittsburgh, Pennsylvania"}

@string{upenn = "University of Pennsylvania"}

%[CONFERENCES]

@string{kdd02 = "Proceedings of the Conference on Knowledge and Data Discovery
                 (KDD-2002)"}

@string{kdmm98 = "Proceedings of the 4th International Conference on Knowledge Discovery and Data Mining"}

@string{kdmm98addr = "New York"}

@string{uai00 = "Proceedings of the 16th Annual Conference on Uncertainty in Artificial Intelligence"}

%[REFERENCES] %%%%%%%%%%%%%%%%%%%%%%%%%%%%%%%%%%%%%%%%%%%%%%%%%%
@book{russell1995artificial,
  title={Artificial intelligence: a modern approach},
  author={Russell, Stuart Jonathan and Norvig, Peter and Canny, John F and Malik, Jitendra M and Edwards, Douglas D},
  volume={2},
  year={1995},
  publisher={Prentice hall Englewood Cliffs}
}



@inproceedings{Zhou04,
    author = {Zhou,, Chen and Chia,, Liang-Tien and Lee,, Bu-Sung},
    title = {DAML-QoS Ontology for Web Services},
    booktitle = {ICWS '04: Proceedings of the IEEE International Conference on Web Services},
    year = {2004},
    isbn = {0-7695-2167-3},
    pages = {472},
    doi = {http://dx.doi.org/10.1109/ICWS.2004.44},
    publisher = {IEEE Computer Society},
    address = {Washington, DC, USA},
}
@BOOK{strunk,
   author = "Strunk, Jr., William and E. B. White",
   title = "The Elements of Style",
   publisher = "Macmillan",
   edition = "Third",
   year = 1979
   }

@inproceedings{Antoniou00,
  author    = {Grigoris Antoniou and
               David Billington and
               Guido Governatori and
               Michael J. Maher and
               Andrew Rock},
  title     = {A Family of Defeasible Reasoning Logics and its Implementation.},
  booktitle = {The 14th European Conference on Artificial Intelligence},
  year      = {2000},
  pages     = {459-463},
}


@article{Antoniou04,
  author    = {Grigoris Antoniou},
  title     = {Defeasible logic with dynamic priorities.},
  journal   = {International Journal of Intelligent Systems},
  volume    = {19},
  number    = {5},
  year      = {2004},
  pages     = {463-472},
}

@inproceedings{AntoniouSBB05,
  author    = {Grigoris Antoniou and
               Thomas Skylogiannis and
               Antonis Bikakis and
               Nick Bassiliades},
  title     = {DR-BROKERING - A Defeasible Logic-Based System for Semantic
               Brokering.},
  booktitle = {2005 IEEE International Conference on e-Technology, e-Commerce,
               and e-Services (EEE 2005), 29 March - 1 April 2005, Hong
               Kong, China},
  year      = {2005},
  pages     = {414-417},
}

@article{ekburke,
    author = {E.K.Burke, G. Kendall, E.Soubeiga},
    title = {A Tabu-Search Hyperheuristic for Timetabling and Rostering},
    journal = {Journal of Heuristics},
    year = {2003},
    pages = {451-470}
}


@InProceedings{Bellucci03,
  author    = {Emilia Bellucci and John Zeleznikow},
  title     = {THE CONFLICT BETWEEN NEGOTIATION AND LITIGATION WHEN BUILDING MEDIATION DECISION SUPPORT SYSTEMS},
  booktitle = {ICAIL 2003 ODRWorkshop},
  year 	    = {2003},
  pages     = {51--60},
  address   = {Edinburgh, Scotland, UK},
}

@inproceedings{MetaheuristicsHandbook,
    author = {Edmund K Burke and Matthew Hyde and Graham Kendall and
                Gabriela Ochoa and Ender Ozcan and John R. Woordward},
    title = {A Classification of Hyper-heuristic Approaches},
    booktitle = {Handbook of Metaheuristics},
    year = {2010},
    pages = {449-468},
}

@book{soubeiga,
    author = {E. Soubeiga},
    title = {Development and Application of HyperHeuristics to Personnel Scheduling},
    publisher = {School of Computer Science and Information technology, University of Nottingham},
    year = {2003},
}

@book{rbai,
    author = {R. Bai},
    title = {An Investigation of Novel Approaches for Optimising Retail Shelf Space Allocation},
    publisher = {School of Computer Science and Information Technology, University of Nottingham},
    year = {2005},
}

@inproceedings{pross,
    author = {Peter Ross},
    title = {Hyper-heuristics},
    booktitle = {Search Methodologies. Introductory Tutorials in Optimization and Decision Support Techniques},
    year = {2014},
    editor = {Edmund K Burke, Graham Kendall},
    pages = {611-638},
}

% meta handbook #1
@inproceedings{metabib01,
    author = {M. Bader-El-Den and R. Poli},
    title = {Generating SAT local-search heuristics using a GP hyper-heuristic framework},
    booktitle = {Evolution Artificielle, 8th International Conference},
    year = {2007},
    publisher = {Springer},
}

% meta handbook #10
@inproceedings{metabib10,
    author = {E. K. Burke and M. R. Hyde and G. Kendall and J. R. Woordward},
    title = {A genetic programming hyper heuristic approach for evolving two dimensional strip packing heuristics},
    booktitle = {IEEE Transactions on Evolutionary Computation},
    year = {2010},
}

%meta handbook #16
@inproceedings{metabib16,
    author = {K. Chakhlevitch and P. I. Cowling},
    title = {Hyperheuristics: Recent developments},
    booktitle = {Adaptive and Multilevel Metaheuristics, volume 136 of Studies in Computational Intelligence},
    year = {2008},
    pages = {3-29},
    publisher = {Springer},
}

@inproceedings{BellucciLZ04,
  author    = {Emilia Bellucci and Arno Lodder and John Zeleznikow},
  title     = {Integrating Artificial Intelligence, Argumentation and Game
               Theory to Develop an Online Dispute Resolution Environment.},
  booktitle = {16th International Conference on Tools with Artificial Intelligence},
  publisher    = ieeecs,
  year      = {2004},
  pages     = {749-754},
}

@Article{Bellucci06,
 author =  {Emilia Bellucci and John Zeleznikow},
 title 	=  {Developing negotiation decision support systems that support mediators: A case study of the Family Winner system},
 journal =   {Artificial Intelligence and Law},
 volume    = {13},
  number    = {2},
 year 	=    {2005},
 pages	= {233-271},
}


@InProceedings{Bodenstaff06,
  author = {Lianne Bodenstaff and Henry Prakken and Gerard Vreeswijk},
  title = {On Formalising Dialogue Systems for Argumentation in the Event Calculus},
  booktitle = {the Eleventh International Workshop on Non-Monotonic Reasoning},
  address = "",
  year = {2006},
}

@InProceedings{Boella04,
 author 	= {Guido Boella and Leendert van der Torre},
 title 		= {Contracts as Legal Institutions in Organizations of Autonomous
Agents},
 booktitle 	= {Proceedings of the Third International Joint Conference on
Autonomous Agents and Multi Agent Systems (AAMAS'04)},
 address	= {New York, US},
 year 		= {2004},
 pages 		= {948--955},
}


@InProceedings{Boella05iat,
  author = {Guido Boella and Joris Hulstijn and Leendert van der Torre},
  title = {A Synthesis Between Mental Attitudes and Social Commitments in Agent Communication Languages},
  booktitle = {Intelligent Agent Technology 05 (IAT 2005)},
  year = {2005},
  address = {Compiegne, France},
  pages = {358-364}
}

@Article{Bonnet04,
 author = {Vincent Bonnet and Karima Boudaoud and Michael Gagnebin and Jurgen Harms and Thomas Schultz},
 title = {Online Dispute Resolution Systems as Web Services},
 journal = {ICFAI Journal of Alternative Dispute Resolution},
 volume = {3},
 year = {2002},
 pages = {57--74},
}


@article{Cachoon00,
  author =  {Gerard Cachon and Martin Lariviere},
  title =   {Supply chain coordination with revenue sharing contracts: strengths and limitations},
  journal = {Management Science},
  volume  = {51},
  number = {1}, 
  year =    {2005},
  pages = {30-44}
}

@article{Calliess06,
  author    = {Gralf-Peter Calliess},
  title     = {Online Dispute Resolution: Consumer Redress in a Global Market Place.},
  journal   = {German Law Journal},
  volume    = {7},
  number    = {8},
  year      = {2006},
  pages     = {647-660},
}


@Incollection{Chaib-draa04,
  author 		= {Philippe Pasquier and Roberto Flores and Brahim Chaib-draa},
  title     	= {Modelling Flexible Social Commitments and their Enforcement},
  booktitle 	= {Engineering Societies in the Agents World V},
  editor    	= {Me},
  publisher 	= {Springer Verlag},
  series    	= {Lecture Notes in Computer Science},
  volume    	= {3451},
  year      	= {2005},
  pages     	= {139-151},
  }


@InProceedings{Chopra03ac,
  author = {Amit K. Chopra and Munindar P. Singh},
  title = {Nonmonotonic Commitment Machines},
  booktitle = {Proceedings of the International Workshop on Agent Communication Languages and Conversation Policies},
  year = {July 2003},
  pages= "",
  address = {Melbourne, Australia},
}

@article{eurostat1,
    author = {Eurostat},
    journal = {Eurostat},
    title = {Population structure and ageing},
    institution = {Eurostat},
    year = {2018},
}

@book{springer1,
    author = {Du, Ke-Lin and Swamy, MNS},
    title = {Search and Optimization by Metaheuristics Techniques and Algorithms Inspired by Nature},
    publisher = {Birkhauser},
    year = {2016},
    pages = {29-36}
}

% todo: delete all above
% todo: review all citations https://en.wikipedia.org/wiki/BibTeX#Bibliographic_information_file


@article{ericsson1,
    author = {Attila Takacs et al.},
    title = {Drones and networks: Ensuring safe and secure operations},
    journal = {Ericsson},
    year = {2018},
    url = {https://www.ericsson.com/en/reports-and-papers/white-papers/drones-and-networks-ensuring-safe-and-secure-operations},
}

@article{forbes1,
    author = {Sebastien Roblin},
    journal = {forbes.com},
    title = {Don't Just Call Them 'Drones': A Guide To Military Unmanned Systems On Air, Land And Sea},
    year = {2019},
    url = {https://www.forbes.com/sites/sebastienroblin/2019/09/30/dont-just-call-them-drones-a-laypersons-guide-to-military-unmanned-systems-on-air-land-and-sea/#2aa890702b00},
}

@techreport{deepDrone,
    author = {Song Han, William Shen, Zuozhen Liu},
    title = {Deep Drone Object Detection and Tracking for Smart Drones on Embedded System},
    institution = {Stanford University},
    year = {2015},
}

@techreport{mobilenet2,
    author = {Mark Sandler et al.},
    title = {MobileNetV2: Inverted Residuals and Linear Bottlenecks},
    institution = {institution},
    year = {2019},
    note = {\url{https://arxiv.org/pdf/1801.04381.pdf}},
}

@article{imagenet,
    author = {Alex Krizhevski, Ilya Sutskever, Geoffrey E. Hinton},
    title = {ImageNet Classification with Deep Convolutional Neural Networks},
    journal = {Advances in neural information processing system},
    year = {2012},
}

@book{deepLearning,
    title={Deep Learning},
    author={Ian Goodfellow and Yoshua Bengio and Aaron Courville},
    publisher={MIT Press},
    note={\url{http://www.deeplearningbook.org}},
    year={2016}
}

@article{COCO,
  author    = {Tsung{-}Yi Lin and
               Michael Maire and
               Serge J. Belongie and
               Lubomir D. Bourdev and
               Ross B. Girshick and
               James Hays and
               Pietro Perona and
               Deva Ramanan and
               Piotr Doll{'{a}}r and
               C. Lawrence Zitnick},
  title     = {Microsoft {COCO:} Common Objects in Context},
  journal   = {CoRR},
  volume    = {abs/1405.0312},
  year      = {2014},
  url       = {http://arxiv.org/abs/1405.0312},
  archivePrefix = {arXiv},
  eprint    = {1405.0312},
  timestamp = {Mon, 13 Aug 2018 16:48:13 +0200},
  biburl    = {https://dblp.org/rec/bib/journals/corr/LinMBHPRDZ14},
  bibsource = {dblp computer science bibliography, https://dblp.org}
}

@article{kitti,
  author = {Andreas Geiger and Philip Lenz and Christoph Stiller and Raquel Urtasun},
  title = {Vision meets Robotics: The KITTI Dataset},
  journal = {International Journal of Robotics Research (IJRR)},
  year = {2013}
}

@article{openimages,
  title={OpenImages: A public dataset for large-scale multi-label and multi-class image classification.},
  author={Krasin, Ivan and Duerig, Tom and Alldrin, Neil and Ferrari, Vittorio and Abu-El-Haija, Sami and Kuznetsova, Alina and Rom, Hassan and Uijlings, Jasper and Popov, Stefan and Veit, Andreas and Belongie, Serge and Gomes, Victor and Gupta, Abhinav and Sun, Chen and Chechik, Gal and Cai, David and Feng, Zheyun and Narayanan, Dhyanesh and Murphy, Kevin},
  journal={Dataset available from https://github.com/openimages},
  year={2017}
}

@misc{TeamTreeHouseWebSockets,
  title = {An Introduction to WebSockets},
  howpublished = {\url{https://blog.teamtreehouse.com/an\-introduction\-to\-websockets}},
  note = {Accessed: 2020-06-17}
}

@misc{WikiLongPolling,
  title = {Push technology},
  howpublished = {\url{https://en.wikipedia.org/wiki/Push\_technology\#Long\_polling}},
  note = {Accessed: 2020-06-17}
}

@misc{OpencvTracking,
  title = {OpenCV Object Tracking},
  howpublished = {\url{https://www.pyimagesearch.com/2018/07/30/opencv\-object\-tracking/}},
  note = {Accessed: 2020-06-17}
}

@misc{OpencvTracking2,
  title = {Object Tracking with OpenCV},
  howpublished = {\url{https://ehsangazar.com/object\-tracking\-with\-opencv\-fd18ccdd7369}},
  note = {Accessed: 2020-06-17}
}

% mit page 38
% mit page 345
